%YAML 1.1
%TAG !u! tag:unity3d.com,2011:
--- !u!1 &5977589238678501479
GameObject:
  m_ObjectHideFlags: 0
  m_CorrespondingSourceObject: {fileID: 0}
  m_PrefabInstance: {fileID: 0}
  m_PrefabAsset: {fileID: 0}
  serializedVersion: 6
  m_Component:
  - component: {fileID: 8475290650189665263}
  - component: {fileID: 5435964067429418893}
  - component: {fileID: -1588570060203956072}
  - component: {fileID: 3674432149094843309}
  - component: {fileID: 4407226201609485967}
  - component: {fileID: -245560424216598520}
  m_Layer: 0
  m_Name: WaterBall
  m_TagString: PlayerSpell/WaterSpell
  m_Icon: {fileID: 0}
  m_NavMeshLayer: 0
  m_StaticEditorFlags: 0
  m_IsActive: 1
--- !u!4 &8475290650189665263
Transform:
  m_ObjectHideFlags: 0
  m_CorrespondingSourceObject: {fileID: 0}
  m_PrefabInstance: {fileID: 0}
  m_PrefabAsset: {fileID: 0}
  m_GameObject: {fileID: 5977589238678501479}
  m_LocalRotation: {x: 0, y: 0, z: 0, w: 1}
  m_LocalPosition: {x: -5.525, y: 0.022, z: 0}
  m_LocalScale: {x: 1, y: 1, z: 1}
  m_Children: []
  m_Father: {fileID: 0}
  m_RootOrder: 0
  m_LocalEulerAnglesHint: {x: 0, y: 0, z: 0}
--- !u!212 &5435964067429418893
SpriteRenderer:
  m_ObjectHideFlags: 0
  m_CorrespondingSourceObject: {fileID: 0}
  m_PrefabInstance: {fileID: 0}
  m_PrefabAsset: {fileID: 0}
  m_GameObject: {fileID: 5977589238678501479}
  m_Enabled: 1
  m_CastShadows: 0
  m_ReceiveShadows: 0
  m_DynamicOccludee: 1
  m_MotionVectors: 1
  m_LightProbeUsage: 1
  m_ReflectionProbeUsage: 1
  m_RayTracingMode: 0
  m_RenderingLayerMask: 1
  m_RendererPriority: 0
  m_Materials:
  - {fileID: 10754, guid: 0000000000000000f000000000000000, type: 0}
  m_StaticBatchInfo:
    firstSubMesh: 0
    subMeshCount: 0
  m_StaticBatchRoot: {fileID: 0}
  m_ProbeAnchor: {fileID: 0}
  m_LightProbeVolumeOverride: {fileID: 0}
  m_ScaleInLightmap: 1
  m_ReceiveGI: 1
  m_PreserveUVs: 0
  m_IgnoreNormalsForChartDetection: 0
  m_ImportantGI: 0
  m_StitchLightmapSeams: 1
  m_SelectedEditorRenderState: 0
  m_MinimumChartSize: 4
  m_AutoUVMaxDistance: 0.5
  m_AutoUVMaxAngle: 89
  m_LightmapParameters: {fileID: 0}
  m_SortingLayerID: 0
  m_SortingLayer: 0
  m_SortingOrder: 0
  m_Sprite: {fileID: 21300000, guid: 982c70717558f0a4792d479a45d20743, type: 3}
  m_Color: {r: 1, g: 1, b: 1, a: 1}
  m_FlipX: 0
  m_FlipY: 0
  m_DrawMode: 0
  m_Size: {x: 3.2, y: 3.2}
  m_AdaptiveModeThreshold: 0.5
  m_SpriteTileMode: 0
  m_WasSpriteAssigned: 1
  m_MaskInteraction: 0
  m_SpriteSortPoint: 0
--- !u!96 &-1588570060203956072
TrailRenderer:
  serializedVersion: 2
  m_ObjectHideFlags: 0
  m_CorrespondingSourceObject: {fileID: 0}
  m_PrefabInstance: {fileID: 0}
  m_PrefabAsset: {fileID: 0}
  m_GameObject: {fileID: 5977589238678501479}
  m_Enabled: 1
  m_CastShadows: 1
  m_ReceiveShadows: 1
  m_DynamicOccludee: 1
  m_MotionVectors: 0
  m_LightProbeUsage: 0
  m_ReflectionProbeUsage: 0
  m_RayTracingMode: 0
  m_RenderingLayerMask: 1
  m_RendererPriority: 0
  m_Materials:
  - {fileID: 10306, guid: 0000000000000000f000000000000000, type: 0}
  m_StaticBatchInfo:
    firstSubMesh: 0
    subMeshCount: 0
  m_StaticBatchRoot: {fileID: 0}
  m_ProbeAnchor: {fileID: 0}
  m_LightProbeVolumeOverride: {fileID: 0}
  m_ScaleInLightmap: 1
  m_ReceiveGI: 1
  m_PreserveUVs: 0
  m_IgnoreNormalsForChartDetection: 0
  m_ImportantGI: 0
  m_StitchLightmapSeams: 1
  m_SelectedEditorRenderState: 3
  m_MinimumChartSize: 4
  m_AutoUVMaxDistance: 0.5
  m_AutoUVMaxAngle: 89
  m_LightmapParameters: {fileID: 0}
  m_SortingLayerID: 0
  m_SortingLayer: 0
  m_SortingOrder: 2
  m_Time: 0.1
  m_Parameters:
    serializedVersion: 3
    widthMultiplier: 0.2
    widthCurve:
      serializedVersion: 2
      m_Curve:
      - serializedVersion: 3
        time: 0
        value: 1
        inSlope: 0
        outSlope: 0
        tangentMode: 0
        weightedMode: 0
        inWeight: 0.33333334
        outWeight: 0.33333334
      - serializedVersion: 3
        time: 0.8969696
        value: 0
        inSlope: 0
        outSlope: 0
        tangentMode: 0
        weightedMode: 0
        inWeight: 0
        outWeight: 0
      m_PreInfinity: 2
      m_PostInfinity: 2
      m_RotationOrder: 4
    colorGradient:
      serializedVersion: 2
      key0: {r: 0.019607857, g: 0.44649205, b: 0.96862745, a: 1}
      key1: {r: 0.031372573, g: 0.9245743, b: 0.96862745, a: 1}
      key2: {r: 0.031372555, g: 0.91194147, b: 0.98039216, a: 0}
      key3: {r: 1, g: 1, b: 1, a: 0}
      key4: {r: 0, g: 0, b: 0, a: 0}
      key5: {r: 0, g: 0, b: 0, a: 0}
      key6: {r: 0, g: 0, b: 0, a: 0}
      key7: {r: 0, g: 0, b: 0, a: 0}
      ctime0: 14264
      ctime1: 29298
      ctime2: 53006
      ctime3: 65535
      ctime4: 0
      ctime5: 0
      ctime6: 0
      ctime7: 0
      atime0: 0
      atime1: 65535
      atime2: 0
      atime3: 0
      atime4: 0
      atime5: 0
      atime6: 0
      atime7: 0
      m_Mode: 0
      m_NumColorKeys: 4
      m_NumAlphaKeys: 2
    numCornerVertices: 0
    numCapVertices: 0
    alignment: 0
    textureMode: 0
    shadowBias: 0.5
    generateLightingData: 0
  m_MinVertexDistance: 0.1
  m_Autodestruct: 1
  m_Emitting: 1
--- !u!114 &3674432149094843309
MonoBehaviour:
  m_ObjectHideFlags: 0
  m_CorrespondingSourceObject: {fileID: 0}
  m_PrefabInstance: {fileID: 0}
  m_PrefabAsset: {fileID: 0}
  m_GameObject: {fileID: 5977589238678501479}
  m_Enabled: 1
  m_EditorHideFlags: 0
  m_Script: {fileID: 11500000, guid: 2948f1dce3d92884281a17bbd6072762, type: 3}
  m_Name: 
  m_EditorClassIdentifier: 
  blast:
  - {fileID: 6633015647917281998, guid: 0c534406fca02a640951f39bfd05ba38, type: 3}
  - {fileID: 959705009361218923, guid: 990b3b81c94ce3d4abf43c16086d03b5, type: 3}
  - {fileID: 959705009361218923, guid: 1f6163b0c8fe6484792a66d8280e8d24, type: 3}
  speed: 10
  babyAlienPrefab: {fileID: 0}
  enemyHitPrefab: {fileID: 5977589238678501479}
--- !u!60 &4407226201609485967
PolygonCollider2D:
  m_ObjectHideFlags: 0
  m_CorrespondingSourceObject: {fileID: 0}
  m_PrefabInstance: {fileID: 0}
  m_PrefabAsset: {fileID: 0}
  m_GameObject: {fileID: 5977589238678501479}
  m_Enabled: 1
  m_Density: 1
  m_Material: {fileID: 0}
  m_IsTrigger: 1
  m_UsedByEffector: 0
  m_UsedByComposite: 0
  m_Offset: {x: 0, y: 0}
  m_SpriteTilingProperty:
    border: {x: 0, y: 0, z: 0, w: 0}
    pivot: {x: 0.5, y: 0.5}
    oldSize: {x: 0.53333336, y: 0.53333336}
    newSize: {x: 3.2, y: 3.2}
    adaptiveTilingThreshold: 0.5
    drawMode: 0
    adaptiveTiling: 0
  m_AutoTiling: 0
  m_Points:
    m_Paths:
    - - {x: 0.045, y: -0.16}
      - {x: 0.060000002, y: -0.165}
      - {x: 0.068333335, y: -0.155}
      - {x: 0.086666666, y: -0.11666667}
      - {x: 0.086666666, y: -0.05166667}
      - {x: 0.09833334, y: -0.071666665}
      - {x: 0.11833334, y: -0.071666665}
      - {x: 0.12833333, y: -0.06333333}
      - {x: 0.14500001, y: -0.035}
      - {x: 0.14500001, y: 0.061666667}
      - {x: 0.14, y: 0.065000005}
      - {x: 0.13666667, y: 0.165}
      - {x: 0.123333335, y: 0.17833334}
      - {x: 0.11333334, y: 0.19333334}
      - {x: 0.10166667, y: 0.21333334}
      - {x: 0.083333336, y: 0.22833334}
      - {x: 0.06666667, y: 0.23666668}
      - {x: 0.041666668, y: 0.245}
      - {x: -0.041666668, y: 0.245}
      - {x: -0.045, y: 0.24166667}
      - {x: -0.068333335, y: 0.23833334}
      - {x: -0.08833334, y: 0.22666667}
      - {x: -0.10333334, y: 0.20833334}
      - {x: -0.11833334, y: 0.18}
      - {x: -0.13666667, y: 0.15833333}
      - {x: -0.14166667, y: 0.061666667}
      - {x: -0.14500001, y: 0.058333334}
      - {x: -0.14500001, y: -0.033333335}
      - {x: -0.13833334, y: -0.043333333}
      - {x: -0.12666667, y: -0.06333333}
      - {x: -0.11666667, y: -0.07}
      - {x: -0.09833334, y: -0.07}
      - {x: -0.08833334, y: -0.055}
      - {x: -0.08833334, y: -0.11833334}
      - {x: -0.08166667, y: -0.13666667}
      - {x: -0.071666665, y: -0.15166667}
      - {x: -0.06333333, y: -0.16166668}
      - {x: -0.048333336, y: -0.16166668}
      - {x: -0.046666667, y: -0.15833333}
      - {x: -0.038333334, y: -0.15166667}
      - {x: -0.030000001, y: -0.17666668}
      - {x: -0.021666666, y: -0.19333334}
      - {x: -0.011666667, y: -0.21666667}
      - {x: -0.008333334, y: -0.22}
      - {x: 0.008333334, y: -0.22}
      - {x: 0.011666667, y: -0.21666667}
      - {x: 0.028333334, y: -0.175}
      - {x: 0.043333333, y: -0.14666668}
--- !u!50 &-245560424216598520
Rigidbody2D:
  serializedVersion: 4
  m_ObjectHideFlags: 0
  m_CorrespondingSourceObject: {fileID: 0}
  m_PrefabInstance: {fileID: 0}
  m_PrefabAsset: {fileID: 0}
  m_GameObject: {fileID: 5977589238678501479}
  m_BodyType: 1
  m_Simulated: 1
  m_UseFullKinematicContacts: 0
  m_UseAutoMass: 0
  m_Mass: 1
  m_LinearDrag: 0
  m_AngularDrag: 0.05
  m_GravityScale: 1
  m_Material: {fileID: 0}
  m_Interpolate: 0
  m_SleepingMode: 1
  m_CollisionDetection: 0
  m_Constraints: 4
